/home/ous/svns/wisp/trunk/tex/refs.bib